@Manual{sigmoid_neuron_kumar,
  title = 	 {Sigmoid Neuron â€” Building Block of Deep Neural Networks},
  author = 	 {Niranjan Kumar},
  year = 2019,
  url = 	 {https://towardsdatascience.com/sigmoid-neuron-deep-neural-networks-a4cd35b629d7}
}

@Manual{sigmoid_neuron_das,
  title = 	 {Sigmoid Neurons Unveiled: From 0 to 1},
  author = 	 {Manoj Das},
  year = 2023,
  url = 	 {https://medium.com/@HeCanThink/sigmoid-neurons-unveiled-from-0-to-1%EF%B8%8F%E2%83%A3-58371cdc3378}
}